{
  "leader": "05225cam a2200601 i 4500",
  "fields": [
    {
      "001": "ocm42771429\\"
    },
    {
      "003": "OCoLC"
    },
    {
      "005": "20220105132802.0"
    },
    {
      "008": "991021t20002000nyua\\\\\\\\\\b\\\\\\\\001\\0\\eng\\\\"
    },
    {
      "010": {
        "ind1": "\\",
        "ind2": "\\",
        "subfields": [
          {
            "a": "   99056109 "
          }
        ]
      }
    },
    {
      "040": {
        "ind1": "\\",
        "ind2": "\\",
        "subfields": [
          {
            "a": "DLC"
          },
          {
            "b": "eng"
          },
          {
            "e": "rda"
          },
          {
            "c": "DLC"
          },
          {
            "d": "UKM"
          },
          {
            "d": "BAKER"
          },
          {
            "d": "BTCTA"
          },
          {
            "d": "YDXCP"
          },
          {
            "d": "UKV3G"
          },
          {
            "d": "IG#"
          },
          {
            "d": "EXW"
          },
          {
            "d": "NLGGC"
          },
          {
            "d": "BDX"
          },
          {
            "d": "MUU"
          },
          {
            "d": "OCLCF"
          },
          {
            "d": "OCLCO"
          },
          {
            "d": "OCLCQ"
          },
          {
            "d": "DEBSZ"
          },
          {
            "d": "FUG"
          },
          {
            "d": "UKMGB"
          },
          {
            "d": "CNCCA"
          }
        ]
      }
    },
    {
      "015": {
        "ind1": "\\",
        "ind2": "\\",
        "subfields": [
          {
            "a": "GBA216827"
          },
          {
            "2": "bnb"
          }
        ]
      }
    },
    {
      "016": {
        "ind1": "7",
        "ind2": "\\",
        "subfields": [
          {
            "a": "007427988"
          },
          {
            "2": "Uk"
          }
        ]
      }
    },
    {
      "016": {
        "ind1": "7",
        "ind2": "\\",
        "subfields": [
          {
            "a": "008501441"
          },
          {
            "2": "Uk"
          }
        ]
      }
    },
    {
      "019": {
        "ind1": "\\",
        "ind2": "\\",
        "subfields": [
          {
            "a": "59450977"
          },
          {
            "a": "1022612674"
          },
          {
            "a": "1167487158"
          }
        ]
      }
    },
    {
      "020": {
        "ind1": "\\",
        "ind2": "\\",
        "subfields": [
          {
            "a": "0823220257"
          },
          {
            "q": "(hc.)"
          }
        ]
      }
    },
    {
      "020": {
        "ind1": "\\",
        "ind2": "\\",
        "subfields": [
          {
            "a": "9780823220250"
          },
          {
            "q": "(hc.)"
          }
        ]
      }
    },
    {
      "020": {
        "ind1": "\\",
        "ind2": "\\",
        "subfields": [
          {
            "a": "0823220265"
          },
          {
            "q": "(pbk.)"
          }
        ]
      }
    },
    {
      "020": {
        "ind1": "\\",
        "ind2": "\\",
        "subfields": [
          {
            "a": "9780823220267"
          },
          {
            "q": "(pbk.)"
          }
        ]
      }
    },
    {
      "035": {
        "ind1": "\\",
        "ind2": "\\",
        "subfields": [
          {
            "a": "(OCoLC)42771429"
          },
          {
            "z": "(OCoLC)59450977"
          },
          {
            "z": "(OCoLC)1022612674"
          },
          {
            "z": "(OCoLC)1167487158"
          }
        ]
      }
    },
    {
      "042": {
        "ind1": "\\",
        "ind2": "\\",
        "subfields": [
          {
            "a": "pcc"
          }
        ]
      }
    },
    {
      "050": {
        "ind1": "0",
        "ind2": "0",
        "subfields": [
          {
            "a": "HT151"
          },
          {
            "b": ".W56 2000"
          }
        ]
      }
    },
    {
      "082": {
        "ind1": "0",
        "ind2": "0",
        "subfields": [
          {
            "a": "307.76"
          },
          {
            "b": "WHY"
          }
        ]
      }
    },
    {
      "100": {
        "ind1": "1",
        "ind2": "\\",
        "subfields": [
          {
            "a": "Whyte, William H.,"
          },
          {
            "c": "Jr."
          },
          {
            "d": "1917-1999,"
          },
          {
            "e": "author."
          }
        ]
      }
    },
    {
      "245": {
        "ind1": "1",
        "ind2": "4",
        "subfields": [
          {
            "a": "The essential William H. Whyte /"
          },
          {
            "c": "edited by Albert LaFarge."
          }
        ]
      }
    },
    {
      "250": {
        "ind1": "\\",
        "ind2": "\\",
        "subfields": [
          {
            "a": "First edition."
          }
        ]
      }
    },
    {
      "264": {
        "ind1": "\\",
        "ind2": "1",
        "subfields": [
          {
            "a": "New York :"
          },
          {
            "b": "Fordham University Press,"
          },
          {
            "c": "2000."
          }
        ]
      }
    },
    {
      "264": {
        "ind1": "\\",
        "ind2": "4",
        "subfields": [
          {
            "c": "\u00a92000"
          }
        ]
      }
    },
    {
      "300": {
        "ind1": "\\",
        "ind2": "\\",
        "subfields": [
          {
            "a": "xv, 383 pages :"
          },
          {
            "b": "illustrations ;"
          },
          {
            "c": "24 cm"
          }
        ]
      }
    },
    {
      "336": {
        "ind1": "\\",
        "ind2": "\\",
        "subfields": [
          {
            "a": "text"
          },
          {
            "b": "txt"
          },
          {
            "2": "rdacontent"
          }
        ]
      }
    },
    {
      "337": {
        "ind1": "\\",
        "ind2": "\\",
        "subfields": [
          {
            "a": "unmediated"
          },
          {
            "b": "n"
          },
          {
            "2": "rdamedia"
          }
        ]
      }
    },
    {
      "338": {
        "ind1": "\\",
        "ind2": "\\",
        "subfields": [
          {
            "a": "volume"
          },
          {
            "b": "nc"
          },
          {
            "2": "rdacarrier"
          }
        ]
      }
    },
    {
      "500": {
        "ind1": "\\",
        "ind2": "\\",
        "subfields": [
          {
            "a": "\"Copyright 1949, [...] 1988 by the Estate of William H. Whyte\" -- title page verso."
          }
        ]
      }
    },
    {
      "500": {
        "ind1": "\\",
        "ind2": "\\",
        "subfields": [
          {
            "a": "\"Selection, introduction, and commentary copyright \u00a9 2000 by Albert LaFarge\" -- title page verso."
          }
        ]
      }
    },
    {
      "500": {
        "ind1": "\\",
        "ind2": "\\",
        "subfields": [
          {
            "a": "\"Foreword copyright \u00a9 2000 by Paul Goldberger\" -- title page verso."
          }
        ]
      }
    },
    {
      "504": {
        "ind1": "\\",
        "ind2": "\\",
        "subfields": [
          {
            "a": "Includes bibliographical references and index."
          }
        ]
      }
    },
    {
      "505": {
        "ind1": "0",
        "ind2": "0",
        "subfields": [
          {
            "t": "Foreword /"
          },
          {
            "r": "Paul Goldberger --"
          },
          {
            "t": "The Rise of Organization Man --"
          },
          {
            "t": "The Class of '49 --"
          },
          {
            "t": "The Transients --"
          },
          {
            "t": "How the New Suburbia Socializes --"
          },
          {
            "t": "The Fallacies of \"Personality\" Testing --"
          },
          {
            "t": "\"Give the Devils No Mercy\" --"
          },
          {
            "t": "from The Organization Man (1956) --"
          },
          {
            "t": "A Generation of Bureaucrats --"
          },
          {
            "t": "The Fight Against Genius --"
          },
          {
            "t": "The Case for the Universal Card --"
          },
          {
            "t": "You, Too, Can Write the Casual Style --"
          },
          {
            "t": "How to Back into a Fortune Story --"
          },
          {
            "t": "The Exploding Metropolis --"
          },
          {
            "t": "Urban Sprawl --"
          },
          {
            "t": "from Securing Open Space for Urban America: Conservation Easements (1959) --"
          },
          {
            "t": "The Precedents --"
          },
          {
            "t": "The Public Purpose --"
          },
          {
            "t": "from The Last Landscape (1968) --"
          },
          {
            "t": "Easements --"
          },
          {
            "t": "Cluster Development --"
          },
          {
            "t": "The New Towns --"
          },
          {
            "t": "The Case for Crowding --"
          },
          {
            "t": "The Living Street --"
          },
          {
            "t": "New York and Tokyo: A Study in Crowding --"
          },
          {
            "t": "from The Social Life of Small Urban Spaces (1980) --"
          },
          {
            "t": "The Life of Plazas --"
          },
          {
            "t": "Indoor Spaces --"
          },
          {
            "t": "Smaller Cities and Places --"
          },
          {
            "t": "from City: Rediscovering the Center (1988) --"
          },
          {
            "t": "Street People --"
          },
          {
            "t": "The Sensory Street --"
          },
          {
            "t": "The Undesirables --"
          },
          {
            "t": "Blank Walls --"
          },
          {
            "t": "The Corporate Exodus --"
          },
          {
            "t": "The Case for Gentrification --"
          },
          {
            "t": "From the California Easement Act, 1959 --"
          },
          {
            "t": "Sample Scenic Easement Deed, State of California, 1946 --"
          },
          {
            "t": "Digest of Open-Space Zoning Provisions, New York City, 1975 --"
          },
          {
            "t": "Affidavit of William H. Whyte in Turley v. New York City Police Dept., 1994 --"
          },
          {
            "t": "Selected Works /"
          },
          {
            "r": "William H. Whyte."
          }
        ]
      }
    },
    {
      "520": {
        "ind1": "1",
        "ind2": "\\",
        "subfields": [
          {
            "a": "\"William H. Whyte rose to prominence in the early 1950s as a writer at Fortune during that magazine's heyday with a series of articles on America's corporate culture. His research eventually culminated in the publication of The Organization Man (1956), a controversial bestseller that established Whyte as a leading voice in the debate over the social changes beginning to affect postwar America.\" \"Over the course of the following three decades, Whyte led the charge to preserve what was best in America's great cities in the face of an increasingly suburbanized culture oriented toward the automobile.\" \"Whyte's fascination with cities led to the creation of the Street Life Project, a ten-year study of the dynamics of how people interact with the urban environment. The crowning achievement of Whyte's career came with the publication of City: Rediscovering the Center (1988). In these pages Whyte distilled the results of his extensive empirical research into a celebration of why people are naturally drawn to the vibrant center of a city and what planners can do to encourage a healthy relationship between citizen and city.\" \"The Essential William H. Whyte offers the core writings of a great observer of the postwar American scene.\""
          },
          {
            "c": "--Jacket."
          }
        ]
      }
    },
    {
      "650": {
        "ind1": "\\",
        "ind2": "0",
        "subfields": [
          {
            "a": "Cities and towns."
          }
        ]
      }
    },
    {
      "650": {
        "ind1": "\\",
        "ind2": "0",
        "subfields": [
          {
            "a": "Sociology, Urban."
          }
        ]
      }
    },
    {
      "650": {
        "ind1": "\\",
        "ind2": "0",
        "subfields": [
          {
            "a": "Urban anthropology."
          }
        ]
      }
    },
    {
      "650": {
        "ind1": "\\",
        "ind2": "7",
        "subfields": [
          {
            "a": "Cities and towns."
          },
          {
            "2": "fast"
          },
          {
            "0": "(OCoLC)fst00861748"
          }
        ]
      }
    },
    {
      "650": {
        "ind1": "\\",
        "ind2": "7",
        "subfields": [
          {
            "a": "Sociology, Urban."
          },
          {
            "2": "fast"
          },
          {
            "0": "(OCoLC)fst01123961"
          }
        ]
      }
    },
    {
      "650": {
        "ind1": "\\",
        "ind2": "7",
        "subfields": [
          {
            "a": "Urban anthropology."
          },
          {
            "2": "fast"
          },
          {
            "0": "(OCoLC)fst01162365"
          }
        ]
      }
    },
    {
      "700": {
        "ind1": "1",
        "ind2": "\\",
        "subfields": [
          {
            "a": "LaFarge, Albert,"
          },
          {
            "e": "editor,"
          },
          {
            "e": "writer of added commentary."
          }
        ]
      }
    },
    {
      "700": {
        "ind1": "1",
        "ind2": "\\",
        "subfields": [
          {
            "a": "Goldberger, Paul,"
          },
          {
            "e": "author of introduction."
          }
        ]
      }
    },
    {
      "856": {
        "ind1": "4",
        "ind2": "2",
        "subfields": [
          {
            "3": "Contributor biographical information"
          },
          {
            "u": "http://catdir.loc.gov/catdir/enhancements/fy0833/99056109-b.html"
          }
        ]
      }
    },
    {
      "856": {
        "ind1": "4",
        "ind2": "2",
        "subfields": [
          {
            "3": "Publisher description"
          },
          {
            "u": "http://catdir.loc.gov/catdir/enhancements/fy0730/99056109-d.html"
          }
        ]
      }
    },
    {
      "856": {
        "ind1": "4",
        "ind2": "\\",
        "subfields": [
          {
            "3": "Inhaltsverzeichnis"
          },
          {
            "u": "http://digitool.hbz-nrw.de:1801/webclient/DeliveryManager?application=DIGITOOL-3&owner=resourcediscovery&custom%5Fatt%5F2=simple%5Fviewer&user=GUEST&pid=926809"
          },
          {
            "y": "The essential William H. Whyte"
          }
        ]
      }
    },
    {
      "994": {
        "ind1": "\\",
        "ind2": "\\",
        "subfields": [
          {
            "a": "Z0"
          },
          {
            "b": "NYRVC"
          }
        ]
      }
    },
    {
      "948": {
        "ind1": "\\",
        "ind2": "\\",
        "subfields": [
          {
            "h": "NO HOLDINGS IN NYRVC - 372 OTHER HOLDINGS"
          }
        ]
      }
    },
    {
      "999": {
        "ind1": "\\",
        "ind2": "\\",
        "subfields": [
          {
            "a": "00000000014507"
          }
        ]
      }
    },
    {
      "999": {
        "ind1": "\\",
        "ind2": "\\",
        "subfields": [
          {
            "a": "00000000014503"
          }
        ]
      }
    }
  ]
}